<collection xmlns="http://www.loc.gov/MARC21/slim"><record><leader>00752nam  2200217   450</leader><controlfield tag="001">655</controlfield><controlfield tag="003">http://montalegre.opacnet.com/OPAC/default.aspx?ContentAreaControl=ShowRegHoldings.ascx&amp;RegNo=16662</controlfield><datafield tag="100" ind1=" " ind2=" "><subfield code="a">20061013d1988----a y0pory0103 ba</subfield></datafield><datafield tag="101" ind1="0" ind2=" "><subfield code="a">por</subfield></datafield><datafield tag="102" ind1=" " ind2=" "><subfield code="a">PT</subfield></datafield><datafield tag="200" ind1="1" ind2=" "><subfield code="a">&lt;O &gt;melhor sorriso da sessão de estreia</subfield><subfield code="f">Fernando Bento Gomes</subfield><subfield code="g">ilustração de Henrique Cayatte</subfield></datafield><datafield tag="210" ind1=" " ind2=" "><subfield code="a">Lisboa</subfield><subfield code="c">Vega</subfield><subfield code="d">D.L. 1988</subfield></datafield><datafield tag="215" ind1=" " ind2=" "><subfield code="a">61 p.</subfield><subfield code="c">il.</subfield><subfield code="d">24 cm</subfield></datafield><datafield tag="225" ind1="0" ind2=" "><subfield code="a">Grandes pequeninos</subfield><subfield code="v">5</subfield></datafield><datafield tag="606" ind1=" " ind2=" "><subfield code="a">Literatura juvenil</subfield></datafield><datafield tag="675" ind1=" " ind2=" "><subfield code="a">82-93</subfield></datafield><datafield tag="700" ind1=" " ind2="1"><subfield code="a">Gomes</subfield><subfield code="b">Fernando Bento</subfield><subfield code="f">1938-</subfield></datafield><datafield tag="702" ind1=" " ind2="1"><subfield code="a">Cayatte</subfield><subfield code="b">Henrique</subfield><subfield code="f">1957-</subfield><subfield code="4">440</subfield></datafield><datafield tag="801" ind1=" " ind2="0"><subfield code="a">PT</subfield><subfield code="b">Biblioteca Municipal de Montalegre</subfield><subfield code="g">RPC</subfield></datafield><datafield tag="856" ind1=" " ind2=" "><subfield code="u">locateMedia.asp?cod=20060523101047&amp;ext=jpg</subfield><subfield code="z">CAPA</subfield></datafield><datafield tag="909" ind1="&#9;" ind2=" "><subfield code="a">2</subfield></datafield><datafield tag="966" ind1=" " ind2=" "><subfield code="a">0001589</subfield><subfield code="l">BMM</subfield><subfield code="s">SI 82-93 GOM mel 5</subfield></datafield><datafield tag="966" ind1=" " ind2=" "><subfield code="a">0001588</subfield><subfield code="l">BMM</subfield><subfield code="s">SI 82-93 GOM mel 5</subfield></datafield></record></collection>